%% This BibTeX bibliography file was created using BibDesk.
%% http://bibdesk.sourceforge.net/

%% Created for SÃ©bastien Ohleyer at 2017-02-23 17:37:23 +0100 


%% Saved with string encoding Unicode (UTF-8) 
@book{taotopics,
	Author = {Tao, T.},
	Date-Added = {2017-02-23 16:36:37 +0000},
	Date-Modified = {2017-02-23 16:36:37 +0000},
	Isbn = {9780821885079},
	Publisher = {American Mathematical Soc.},
	Series = {Graduate studies in mathematics},
   Year={2012},
	Title = {Topics in Random Matrix Theory},
	Url = {https://books.google.fr/books?id=Hjq\_JHLNPT0C},
	Bdsk-Url-1 = {https://books.google.fr/books?id=Hjq%5C_JHLNPT0C}}

@book{agz,
   	Title = {An introduction to random matrices},
   	Author = {Anderson, G. and Guionnet, A. and Zeitouni, O.},
   	Series = {Cambridge studies in advanced mathematics},
   	Publisher = {Cambridge University Press},
   	Url = {http://opac.inria.fr/record=b1130267},
   	Isbn = {978-0-521-19452-5},
   	Year = {2010}}

@book{grac,
   	Title = {Stochastic analysis methods in Wishart theory},
   	Author = {Graczyk, P.},
   	Year = {2014}}

@article{bru,
  title={Wishart processes},
  author={Bru, Marie-France},
  journal={Journal of Theoretical Probability},
  volume={4},
  number={4},
  pages={725--751},
  year={1991},
  publisher={Springer}
}

@article{Jo2001,
      title={Universality of the Local Spacing Distribution in Certain Ensembles of Hermitian Wigner Matrices},
      author={Johansson, Kurt Johansson},
      journal={Communications in Mathematical Physics},
      volume={215},
      number={3},
      pages={683--705},
      year={2001},
      publisher={Springer}
}

@article{Wig55,
  title={Characteristic vectors of bordered matrices with infinite dimensions},
  author={Wigner, Eugene P},
  journal={Annals of Mathematics},
  pages={548--564},
  year={1955},
  publisher={JSTOR}
}

@book{mehta2004,
  title={Random matrices},
  author={Mehta, Madan Lal},
  volume={142},
  year={2004},
  publisher={Academic press}
}

@article{Joh06,
  Abstract = {We survey recent results on determinantal processes, random growth, random tilings and their relation to random matrix theory.},
  Archiveprefix = {arXiv},
  Arxivid = {math-ph/0510038},
  Author = {Johansson, Kurt},
  Doi = {10.1016/S0924-8099(06)80038-7},
  Eprint = {0510038},
  Issn = {09248099},
  Journal = {Les Houches Summer School Proceedings},
  Number = {C},
  Pages = {1--56},
  Primaryclass = {math-ph},
  Title = {{Course 1 Random matrices and determinantal processes}},
  Volume = {83},
  Year = {2006},
  Bdsk-Url-1 = {http://dx.doi.org/10.1016/S0924-8099(06)80038-7}}
	
@incollection{oksendal2003stochastic,
  title={Stochastic differential equations},
  author={{\O}ksendal, Bernt},
  booktitle={Stochastic differential equations},
  pages={65--84},
  year={2003},
  publisher={Springer}
}

@ARTICLE{2017arXiv170702700H,
   author = {{Holcomb}, D. and {Paquette}, E.},
    title = "{Tridiagonal Models for Dyson Brownian Motion}",
  journal = {ArXiv e-prints},
archivePrefix = "arXiv",
   eprint = {1707.02700},
 primaryClass = "math.PR",
 keywords = {Mathematics - Probability},
     year = 2017,
    month = jul,
   adsurl = {http://adsabs.harvard.edu/abs/2017arXiv170702700H},
  adsnote = {Provided by the SAO/NASA Astrophysics Data System}
}

@unpublished{simonsto,
  title={Elements de calcul stochastique},
  author={Jeanblanc, Monique and Simon, Thomas},
  Howpublished = {IRBD},
  year={2005}
}

@article{dyson1962brownian,
  title={A Brownian-motion model for the eigenvalues of a random matrix},
  author={Dyson, Freeman J},
  journal={Journal of Mathematical Physics},
  volume={3},
  number={6},
  pages={1191--1198},
  year={1962},
  publisher={AIP}
}

@unpublished{legall,
  title={Mouvement Brownien, martingales et calcul stochastique},
  author={Le Gall, Jean-Fran\c{c}ois},
  Howpublished = {Universit\'{e} Paris-Sud},
  year={2011}
}

@book{karatzas2012brownian,
  title={Brownian motion and stochastic calculus},
  author={Karatzas, Ioannis and Shreve, Steven},
  volume={113},
  year={2012},
  publisher={Springer Science \& Business Media}
}

@article{dumitriu2002matrix,
  title={Matrix models for beta ensembles},
  author={Dumitriu, Ioana and Edelman, Alan},
  journal={Journal of Mathematical Physics},
  volume={43},
  number={11},
  pages={5830--5847},
  year={2002},
  publisher={AIP}
}

@online{sebastienGithub,
  author = {Ohleyer, S\'ebastien},
  title = "{Python code for Dyson Brownian motion}",
  year = 2017,
  url = {https://github.com/sohleyer/dbm}
}

@book{kloeden2012numerical,
  title={Numerical solution of SDE through computer experiments},
  author={Kloeden, Peter Eris and Platen, Eckhard and Schurz, Henri},
  year={2012},
  publisher={Springer Science \& Business Media}
}

Eigenvalues trajectories of an Hermitian Brownian motion. 50 eigenvalues, with 300 points in [0, 1] and initial condition A = 0MN (R).